@misc{after_hurricane,
    author = "{NOAA National Environmental Satellite, Data, and Information Service (NESDIS)}",
    title = "{NOAA Shares First Satellite Images of Puerto Rico After Hurricane Maria}",
    year = "2017",
    howpublished = "\url{https://www.nesdis.noaa.gov/content/noaa-shares-first-satellite-images-puerto-rico-after-hurricane-maria}",
    note = "[Online; accessed 16-November-2019]"
 }
 
@misc{drones_charge,
    author = "{New England Wire Technologies}",
    title = "{Drones Soon to Recharge Their Own Batteries}",
    howpublished = "\url{https://www.newenglandwire.com/application/drones-soon-to-recharge-their-own-batteries/}",
    year = "2017",
    note = "[Online; accessed 24-November-2019]"
  }
 
@misc{avg_daylight,
    author = "{WorldData}",
    title = "{Sunrise and sunset in Puerto Rico}",
    howpublished = "\url{https://www.worlddata.info/america/puerto-rico/sunset.php}",
    note = "[Online; accessed 24-November-2019]"
  }
  
@misc{dist_calc,
    author = "{National Oceanic and Atmospheric Administration}",
    title = "{Latitude/Longitude Distance Calculator}",
    howpublished = "\url{https://www.nhc.noaa.gov/gccalc.shtml}",
    note = "[Online; accessed 17-November-2019]"
}